% Enter references here

% All entries below this line are examples only, and are not used in this actual paper

@MISC{bdti.com,
  author = "{Berkeley Design Technology Inc.}",
  title = "{BDTI DSP D}ictionary",
  month = Jan,
  year = 2011,
  note = "[Online]. Available: \texttt{http://www.bdti.com/Resources/DSPDictionary}"
  }

@TECHREPORT{berkeley_agenda,
   author = "{K. Asanovic et al.}",
   title = "{The Parallel Computing Laboratory at U.C. Berkeley: A Research Agenda Based on the Berkeley View}",
   number = "UCB/EECS-2008-23",
   institution = "University of California at Berkeley, Electrical Engineering and Computer Science Department",
   year = "March 2008"
   }

@INPROCEEDINGS{gpu_video_paper,
   author={Cope, B. and Cheung, P.Y.K. and Luk, W. and Witt, S.},
   booktitle={Field-Programmable Technology, 2005. Proceedings. 2005 IEEE International Conference on},
   title="{Have GPUs made FPGAs redundant in the field of video processing?}",
   year={2005},
   month=Dec,
   volume={},
   number={},
   pages={111 -118},
   doi={10.1109/FPT.2005.1568533},
   ISSN={}
   }

@BOOK{patterson-book,
   author = "David A. Patterson and John L. Hennessy",
   title = "Computer Organization and Design, Fourth Edition",
   publisher = "Morgan Kaufmann",
   year = 2009
   }

@INCOLLECTION {smith-waterman-fpga,
   author = {Yu, C.W. and Kwong, K.H. and Lee, K.H. and Leong, P.H.W.},
   affiliation = {The Chinese University of Hong Kong, Department of Computer Science and Engineering Shatin, Hong Kong},
   title = "{A Smith-Waterman Systolic Cell}",
   booktitle = {New Algorithms, Architectures and Applications for Reconfigurable Computing},
   editor = {Lysaght, Patrick and Rosenstiel, Wolfgang},
   publisher = {Springer US},
   pages = {291--300},
   year = 2005
   }

@ARTICLE{parsons-astronomy-approach,
   author = "A. Parsons and D. Backer and C. Chang and D. Chapman and H. Chen  and P. Droz and C. de Jesus and D. MacMahon and A. Siemion and D. Wertheimer and M. Wright",
   title = "{A New Approach to Radio Astronomy Signal Processing}",
   journal = "{General Assembly of the International Union of Radio Science}",
   year = "October 2005"
   } 

@MASTERSTHESIS{gordon-msc,
   title = "{Putting the Pieces Together: a coherent digital signal processing tool chain for the RHINO Processing Platform (unpublished)}",
   author = {Gordon Inggs},
   school = {University of Cape Town},
   month = June,
   year =  2011
   }
